@book{casc1,
   author = {Joel S. Cohen},
   year = {2003},
   title = {Computer Algebra and Symbolic Computation: Mathematical Methods},
   publisher = {A K Peters},
   address = {Natick, MA}
}
@book{casc2,
   author = {Joel S. Cohen},
   year = {2003},
   title = {Computer Algebra and Symbolic Computation: Elementary Algorithms},
   publisher = {A K Peters},
   address = {Natick, MA}
}

@book{mca,
    author = {Joachim von zur Gathen \& Jürgen Gerhard},
    year = {2013},
    title = {Modern Computer Algebra, 3rd Edition},
    publisher = {Cambridge University Press},
    address = {Cambridge, UK}
}

@book{mgt,
    author = {Bela Bollobas},
    year = {1998},
    title = {Modern Graph Theory},
    publisher = {Springer},
    address = {New York, NY}
}

@book{aa,
    author = {Dan Saracino},
    year = {2008},
    title = {Abstract Algebra, A First Course},
    publisher = {Waveland},
    address = {Long Grove, IL}
}

@book{pil,
    author = {Roberto Ierusalimschy},
    year = {2016},
    title = {Programming in Lua, Fourth Edition},
    address = {Rio de Janeiro, Brazil}
}

@inproceedings{yun,
    author = {Yun, David Y.Y.},
    title = {On Square-Free Decomposition Algorithms},
    year = {1976},
    isbn = {9781450377904},
    publisher = {Association for Computing Machinery},
    address = {New York, NY, USA},
    url = {https://doi.org/10.1145/800205.806320},
    doi = {10.1145/800205.806320},
    abstract = {In this paper, we will give three different (including revamped versions of Horowitz's and Musser's) algorithms for computing the SQFR decomposition of polynomials in R[x]. Some algorithm analysis will be carried out to show the (asymptotic) superiority of the algorithm we propose (last of the three).},
    booktitle = {Proceedings of the Third ACM Symposium on Symbolic and Algebraic Computation},
    pages = {26–35},
    numpages = {10},
    location = {Yorktown Heights, New York, USA},
    series = {SYMSAC '76}
}

@ARTICLE{lll,
    author = {A. K. Lenstra and H. W. Lenstra and L. Lovasz},
    title = {Factoring polynomials with rational coefficients},
    journal = {MATH. ANN},
    year = {1982},
    volume = {261},
    pages = {515--534}
}

@inproceedings{lrt,
  title={Algebraic factoring and rational function integration},
  author={Trager, Barry M},
  booktitle={Proceedings of the third ACM symposium on Symbolic and algebraic computation},
  pages={219--226},
  year={1976}
}

@article{bf,
  title={Factoring polynomials over finite fields},
  author={Berlekamp, Elwyn R},
  journal={Bell System Technical Journal},
  volume={46},
  number={8},
  pages={1853--1859},
  year={1967},
  publisher={Wiley Online Library}
}

@article{zf,
  title={On hensel factorization, I},
  author={Zassenhaus, Hans},
  journal={Journal of Number Theory},
  volume={1},
  number={3},
  pages={291--311},
  year={1969},
  publisher={Academic Press}
}